<record><leader>00000cas a2200000 a 4500</leader><controlfield tag="001">20541774</controlfield><controlfield tag="008">891024d19uu19uukyuwr ne      0    0eng d</controlfield><datafield ind1=" " ind2=" " tag="010"><subfield code="a">sn 89058450 </subfield></datafield><datafield ind1=" " ind2=" " tag="040"><subfield code="a">KNP</subfield><subfield code="b">eng</subfield><subfield code="c">KNP</subfield><subfield code="d">OCL</subfield><subfield code="d">OCLCQ</subfield></datafield><datafield ind1=" " ind2=" " tag="042"><subfield code="a">msc</subfield></datafield><datafield ind1="0" ind2="0" tag="245"><subfield code="a">Greenup County citizen.</subfield></datafield><datafield ind1="1" ind2="3" tag="246"><subfield code="a">Greenup County citizen edition of the Russell times</subfield></datafield><datafield ind1=" " ind2=" " tag="260"><subfield code="a">Russell, Ky. :</subfield><subfield code="b">Russell Pub. Co.</subfield></datafield><datafield ind1=" " ind2=" " tag="300"><subfield code="a">v. :</subfield><subfield code="b">ill.</subfield></datafield><datafield ind1=" " ind2=" " tag="310"><subfield code="a">Weekly</subfield></datafield><datafield ind1=" " ind2=" " tag="515"><subfield code="a">Follows volume numbering of: Russell times.</subfield></datafield><datafield ind1=" " ind2=" " tag="588"><subfield code="a">Description based on: New ser., v. 7, no. 20 (Oct. 7, 1938).</subfield></datafield><datafield ind1=" " ind2="4" tag="651"><subfield code="a">Russell (Ky.)</subfield><subfield code="v">Newspapers.</subfield></datafield><datafield ind1=" " ind2="4" tag="651"><subfield code="a">Greenup County (Ky.)</subfield><subfield code="v">Newspapers.</subfield></datafield><datafield ind1=" " ind2=" " tag="752"><subfield code="a">United States</subfield><subfield code="b">Kentucky</subfield><subfield code="c">Greenup</subfield><subfield code="d">Russell.</subfield></datafield><datafield ind1="0" ind2=" " tag="775"><subfield code="t">Russell times</subfield><subfield code="w">(DLC)sn 86069605</subfield></datafield></record>